% This file was created with JabRef 2.3.1.
% Encoding: ISO8859_1


@inproceedings{BellerSRC2018,
  author    = {Moritz Beller},
  title     = {Toward an Empirical Theory of Feedback-Driven Development},
  booktitle = {40th International Conference on Software Engineering, {ICSE} 2018, Student Research Competition, Gothenborg, Sweden},
  year      = {2018},
  note = "Open Access version: \url{https://pure.tudelft.nl/portal/files/40152814}"
}

@article{wichmann1995industrial,
  title={Industrial perspective on static analysis},
  author={Wichmann, BA and Canning, AA and Clutterbuck, DL and Winsborrow, LA and Ward, NJ and Marsh, DWR},
  journal={Software Engineering Journal},
  volume={10},
  number={2},
  pages={69--75},
  year={1995},
  publisher={IET}
}


@article{cornelissen2009systematic,
  title={A systematic survey of program comprehension through dynamic analysis},
  author={Cornelissen, Bas and Zaidman, Andy and Van Deursen, Arie and Moonen, Leon and Koschke, Rainer},
  journal={IEEE Transactions on Software Engineering},
  volume={35},
  number={5},
  pages={684--702},
  year={2009},
  publisher={IEEE}
}
% This file was created with JabRef 2.6.
% Encoding: Cp1252

@article{dou2021federated,
  title={Federated deep learning for detecting COVID-19 lung abnormalities in CT: a privacy-preserving multinational validation study},
  author={Dou, Qi and So, Tiffany Y and Jiang, Meirui and Liu, Quande and Vardhanabhuti, Varut and Kaissis, Georgios and Li, Zeju and Si, Weixin and Lee, Heather HC and Yu, Kevin and others},
  journal={NPJ digital medicine},
  volume={4},
  number={1},
  pages={1--11},
  year={2021},
  publisher={Nature Publishing Group}
}
@article{beaulieu2018privacy,
  title={Privacy-preserving distributed deep learning for clinical data},
  author={Beaulieu-Jones, Brett K and Yuan, William and Finlayson, Samuel G and Wu, Zhiwei Steven},
  journal={arXiv preprint arXiv:1812.01484},
  year={2018}
}
@article{chang2018distributed,
  title={Distributed deep learning networks among institutions for medical imaging},
  author={Chang, Ken and Balachandar, Niranjan and Lam, Carson and Yi, Darvin and Brown, James and Beers, Andrew and Rosen, Bruce and Rubin, Daniel L and Kalpathy-Cramer, Jayashree},
  journal={Journal of the American Medical Informatics Association},
  volume={25},
  number={8},
  pages={945--954},
  year={2018},
  publisher={Oxford University Press}
}
@inproceedings{inproceedings,
author = {Baheti, Pragati and Sikka, Mukul and Arya, K. V. and Rajagopal, Rajesh},
year = {2020},
month = {01},
pages = {445-451},
title = {Federated Learning on Distributed Medical Records for Detection of Lung Nodules},
doi = {10.5220/0009144704450451}
}
@inproceedings{mcmahan2017communication,
  title={Communication-efficient learning of deep networks from decentralized data},
  author={McMahan, Brendan and Moore, Eider and Ramage, Daniel and Hampson, Seth and y Arcas, Blaise Aguera},
  booktitle={Artificial intelligence and statistics},
  pages={1273--1282},
  year={2017},
  organization={PMLR}
}
@inproceedings{nilsson2018performance,
  title={A performance evaluation of federated learning algorithms},
  author={Nilsson, Adrian and Smith, Simon and Ulm, Gregor and Gustavsson, Emil and Jirstrand, Mats},
  booktitle={Proceedings of the Second Workshop on Distributed Infrastructures for Deep Learning},
  pages={1--8},
  year={2018}
}
@article{sheller2020federated,
  title={Federated learning in medicine: facilitating multi-institutional collaborations without sharing patient data},
  author={Sheller, Micah J and Edwards, Brandon and Reina, G Anthony and Martin, Jason and Pati, Sarthak and Kotrotsou, Aikaterini and Milchenko, Mikhail and Xu, Weilin and Marcus, Daniel and Colen, Rivka R and others},
  journal={Scientific reports},
  volume={10},
  number={1},
  pages={1--12},
  year={2020},
  publisher={Nature Publishing Group}
}
@article{li2021fedbn,
  title={Fedbn: Federated learning on non-iid features via local batch normalization},
  author={Li, Xiaoxiao and Jiang, Meirui and Zhang, Xiaofei and Kamp, Michael and Dou, Qi},
  journal={arXiv preprint arXiv:2102.07623},
  year={2021}
}
@article{venugopalan2021multimodal,
  title={Multimodal deep learning models for early detection of Alzheimerâ€™s disease stage},
  author={Venugopalan, Janani and Tong, Li and Hassanzadeh, Hamid Reza and Wang, May D},
  journal={Scientific reports},
  volume={11},
  number={1},
  pages={1--13},
  year={2021},
  publisher={Nature Publishing Group}
}
@article{bakas2017advancing,
  title={Advancing the cancer genome atlas glioma MRI collections with expert segmentation labels and radiomic features},
  author={Bakas, Spyridon and Akbari, Hamed and Sotiras, Aristeidis and Bilello, Michel and Rozycki, Martin and Kirby, Justin S and Freymann, John B and Farahani, Keyvan and Davatzikos, Christos},
  journal={Scientific data},
  volume={4},
  number={1},
  pages={1--13},
  year={2017},
  publisher={Nature Publishing Group}
}
@article{lee2018privacy,
  title={Privacy-preserving patient similarity learning in a federated environment: development and analysis},
  author={Lee, Junghye and Sun, Jimeng and Wang, Fei and Wang, Shuang and Jun, Chi-Hyuck and Jiang, Xiaoqian},
  journal={JMIR medical informatics},
  volume={6},
  number={2},
  pages={e7744},
  year={2018},
  publisher={JMIR Publications Inc., Toronto, Canada}
}
@article{grammenos2019federated,
  title={Federated principal component analysis},
  author={Grammenos, Andreas and Mendoza-Smith, Rodrigo and Crowcroft, Jon and Mascolo, Cecilia},
  journal={arXiv preprint arXiv:1907.08059},
  year={2019}
}
@inproceedings{silva2019federated,
  title={Federated learning in distributed medical databases: Meta-analysis of large-scale subcortical brain data},
  author={Silva, Santiago and Gutman, Boris A and Romero, Eduardo and Thompson, Paul M and Altmann, Andre and Lorenzi, Marco},
  booktitle={2019 IEEE 16th international symposium on biomedical imaging (ISBI 2019)},
  pages={270--274},
  year={2019},
  organization={IEEE}
}
@article{flores2021federated,
  title={Federated Learning used for predicting outcomes in SARS-COV-2 patients},
  author={Flores, Mona and Dayan, Ittai and Roth, Holger and Zhong, Aoxiao and Harouni, Ahmed and Gentili, Amilcare and Abidin, Anas and Liu, Andrew and Costa, Anthony and Wood, Bradford and others},
  journal={Research Square},
  year={2021},
  publisher={American Journal Experts}
}
@article{DBLP:journals/corr/abs-1912-12115,
  author    = {Maarten G. Poirot and
               Praneeth Vepakomma and
               Ken Chang and
               Jayashree Kalpathy{-}Cramer and
               Rajiv Gupta and
               Ramesh Raskar},
  title     = {Split Learning for collaborative deep learning in healthcare},
  journal   = {CoRR},
  volume    = {abs/1912.12115},
  year      = {2019},
  url       = {http://arxiv.org/abs/1912.12115},
  eprinttype = {arXiv},
  eprint    = {1912.12115},
  timestamp = {Sat, 23 Jan 2021 01:21:02 +0100},
  biburl    = {https://dblp.org/rec/journals/corr/abs-1912-12115.bib},
  bibsource = {dblp computer science bibliography, https://dblp.org}
}
@inproceedings{monteiro2015machine,
  title={A machine learning methodology for medical imaging anonymization},
  author={Monteiro, Eriksson and Costa, Carlos and Oliveira, Jos{\'e} Luis},
  booktitle={2015 37th Annual International Conference of the IEEE Engineering in Medicine and Biology Society (EMBC)},
  pages={1381--1384},
  year={2015},
  organization={IEEE}
}
@article{article,
author = {Aryanto, Yota E and Oudkerk, M. and Van Ooijen, Peter},
year = {2015},
month = {06},
pages = {},
title = {Free DICOM de-identification tools in clinical research: functioning and safety of patient privacy},
volume = {25},
journal = {European Radiology},
doi = {10.1007/s00330-015-3794-0}
}
@book{pianykh2012digital,
  title={Digital imaging and communications in medicine (DICOM): a practical introduction and survival guide},
  author={Pianykh, Oleg S},
  year={2012},
  publisher={Springer}
}
@inproceedings{tomsett2019model,
  title={Model poisoning attacks against distributed machine learning systems},
  author={Tomsett, Richard and Chan, Kevin and Chakraborty, Supriyo},
  booktitle={Artificial Intelligence and Machine Learning for Multi-Domain Operations Applications},
  volume={11006},
  pages={110061D},
  year={2019},
  organization={International Society for Optics and Photonics}
}
@article{wang2003cost,
  title={A cost-benefit analysis of electronic medical records in primary care},
  author={Wang, Samuel J and Middleton, Blackford and Prosser, Lisa A and Bardon, Christiana G and Spurr, Cynthia D and Carchidi, Patricia J and Kittler, Anne F and Goldszer, Robert C and Fairchild, David G and Sussman, Andrew J and others},
  journal={The American journal of medicine},
  volume={114},
  number={5},
  pages={397--403},
  year={2003},
  publisher={Elsevier}
}
@inproceedings{carlini2019secret,
  title={The secret sharer: Evaluating and testing unintended memorization in neural networks},
  author={Carlini, Nicholas and Liu, Chang and Erlingsson, {\'U}lfar and Kos, Jernej and Song, Dawn},
  booktitle={28th $\{$USENIX$\}$ Security Symposium ($\{$USENIX$\}$ Security 19)},
  pages={267--284},
  year={2019}
}
@inproceedings{zhang2020secret,
  title={The secret revealer: Generative model-inversion attacks against deep neural networks},
  author={Zhang, Yuheng and Jia, Ruoxi and Pei, Hengzhi and Wang, Wenxiao and Li, Bo and Song, Dawn},
  booktitle={Proceedings of the IEEE/CVF Conference on Computer Vision and Pattern Recognition},
  pages={253--261},
  year={2020}
}
@inproceedings{hitaj2017deep,
  title={Deep models under the GAN: information leakage from collaborative deep learning},
  author={Hitaj, Briland and Ateniese, Giuseppe and Perez-Cruz, Fernando},
  booktitle={Proceedings of the 2017 ACM SIGSAC Conference on Computer and Communications Security},
  pages={603--618},
  year={2017}
}
@inproceedings{fredrikson2015model,
  title={Model inversion attacks that exploit confidence information and basic countermeasures},
  author={Fredrikson, Matt and Jha, Somesh and Ristenpart, Thomas},
  booktitle={Proceedings of the 22nd ACM SIGSAC conference on computer and communications security},
  pages={1322--1333},
  year={2015}
}
@inproceedings{abadi2016deep,
  title={Deep learning with differential privacy},
  author={Abadi, Martin and Chu, Andy and Goodfellow, Ian and McMahan, H Brendan and Mironov, Ilya and Talwar, Kunal and Zhang, Li},
  booktitle={Proceedings of the 2016 ACM SIGSAC conference on computer and communications security},
  pages={308--318},
  year={2016}
}
@inproceedings{wang2019beyond,
  title={Beyond inferring class representatives: User-level privacy leakage from federated learning},
  author={Wang, Zhibo and Song, Mengkai and Zhang, Zhifei and Song, Yang and Wang, Qian and Qi, Hairong},
  booktitle={IEEE INFOCOM 2019-IEEE Conference on Computer Communications},
  pages={2512--2520},
  year={2019},
  organization={IEEE}
}
@inproceedings{yin2021see,
  title={See through Gradients: Image Batch Recovery via GradInversion},
  author={Yin, Hongxu and Mallya, Arun and Vahdat, Arash and Alvarez, Jose M and Kautz, Jan and Molchanov, Pavlo},
  booktitle={Proceedings of the IEEE/CVF Conference on Computer Vision and Pattern Recognition},
  pages={16337--16346},
  year={2021}
}
@article{li2020multi,
  title={Multi-site fMRI analysis using privacy-preserving federated learning and domain adaptation: ABIDE results},
  author={Li, Xiaoxiao and Gu, Yufeng and Dvornek, Nicha and Staib, Lawrence H and Ventola, Pamela and Duncan, James S},
  journal={Medical Image Analysis},
  volume={65},
  pages={101765},
  year={2020},
  publisher={Elsevier}
}
@article{poirot2019split,
  title={Split learning for collaborative deep learning in healthcare},
  author={Poirot, Maarten G and Vepakomma, Praneeth and Chang, Ken and Kalpathy-Cramer, Jayashree and Gupta, Rajiv and Raskar, Ramesh},
  journal={arXiv preprint arXiv:1912.12115},
  year={2019}
}
@inproceedings{baheti2020federated,
  title={Federated Learning on Distributed Medical Records for Detection of Lung Nodules.},
  author={Baheti, Pragati and Sikka, Mukul and Arya, KV and Rajesh, R},
  booktitle={VISIGRAPP (4: VISAPP)},
  pages={445--451},
  year={2020}
}
@article{li2016distributed,
  title={A distributed ensemble approach for mining healthcare data under privacy constraints},
  author={Li, Yan and Bai, Changxin and Reddy, Chandan K},
  journal={Information sciences},
  volume={330},
  pages={245--259},
  year={2016},
  publisher={Elsevier}
}
@article{Quan2018compressed,
  author={Quan, Tran Minh and Nguyen-Duc, Thanh and Jeong, Won-Ki},
  journal={IEEE Transactions on Medical Imaging}, 
  title={Compressed Sensing MRI Reconstruction Using a Generative Adversarial Network With a Cyclic Loss}, 
  year={2018},
  volume={37},
  number={6},
  pages={1488-1497},
  doi={10.1109/TMI.2018.2820120}}
@article{DBLP:journals/corr/abs-1804-03700,
  author    = {Xin Yi and
               Ekta Walia and
               Paul S. Babyn},
  title     = {Unsupervised and semi-supervised learning with Categorical Generative
               Adversarial Networks assisted by Wasserstein distance for dermoscopy
               image Classification},
  journal   = {CoRR},
  volume    = {abs/1804.03700},
  year      = {2018},
  url       = {http://arxiv.org/abs/1804.03700},
  eprinttype = {arXiv},
  eprint    = {1804.03700},
  timestamp = {Tue, 17 Mar 2020 18:12:49 +0100},
  biburl    = {https://dblp.org/rec/journals/corr/abs-1804-03700.bib},
  bibsource = {dblp computer science bibliography, https://dblp.org}
}
@misc{li2020federated,
      title={Federated Optimization in Heterogeneous Networks}, 
      author={Tian Li and Anit Kumar Sahu and Manzil Zaheer and Maziar Sanjabi and Ameet Talwalkar and Virginia Smith},
      year={2020},
      eprint={1812.06127},
      archivePrefix={arXiv},
      primaryClass={cs.LG}
}
@article{zhao2018federated, title={Federated learning with non-iid data}, author={Zhao, Yue and Li, Meng and Lai, Liangzhen and Suda, Naveen and Civin, Damon and Chandra, Vikas}, journal={arXiv preprint arXiv:1806.00582}, year={2018} }
@article{Peter2015Free,
author = {Aryanto, Yota E and Oudkerk, M. and Van Ooijen, Peter},
year = {2015},
month = {06},
pages = {},
title = {Free DICOM de-identification tools in clinical research: functioning and safety of patient privacy},
volume = {25},
journal = {European Radiology},
doi = {10.1007/s00330-015-3794-0}
}
@article{wilkinson2016fair,
  title={The FAIR Guiding Principles for scientific data management and stewardship},
  author={Wilkinson, Mark D and Dumontier, Michel and Aalbersberg, IJsbrand Jan and Appleton, Gabrielle and Axton, Myles and Baak, Arie and Blomberg, Niklas and Boiten, Jan-Willem and da Silva Santos, Luiz Bonino and Bourne, Philip E and others},
  journal={Scientific data},
  volume={3},
  number={1},
  pages={1--9},
  year={2016},
  publisher={Nature Publishing Group}
}
@article{masinter2005uniform,
  title={Uniform resource identifier (URI): Generic syntax},
  author={Masinter, Larry and Berners-Lee, Tim and Fielding, Roy T},
  journal={Network Working Group: Fremont, CA, USA},
  year={2005},
  publisher={Citeseer}
}
@inproceedings{li2010securing,
  title={Securing personal health records in cloud computing: Patient-centric and fine-grained data access control in multi-owner settings},
  author={Li, Ming and Yu, Shucheng and Ren, Kui and Lou, Wenjing},
  booktitle={International conference on security and privacy in communication systems},
  pages={89--106},
  year={2010},
  organization={Springer}
}
@article{canziani2016analysis,
  title={An analysis of deep neural network models for practical applications},
  author={Canziani, Alfredo and Paszke, Adam and Culurciello, Eugenio},
  journal={arXiv preprint arXiv:1605.07678},
  year={2016}
}
@article{balachandar2020accounting,
  title={Accounting for data variability in multi-institutional distributed deep learning for medical imaging},
  author={Balachandar, Niranjan and Chang, Ken and Kalpathy-Cramer, Jayashree and Rubin, Daniel L},
  journal={Journal of the American Medical Informatics Association},
  volume={27},
  number={5},
  pages={700--708},
  year={2020},
  publisher={Oxford University Press}
}
@article{seymour2012electronic,
  title={Electronic health records (EHR)},
  author={Seymour, Tom and Frantsvog, Dean and Graeber, Tod and others},
  journal={American Journal of Health Sciences (AJHS)},
  volume={3},
  number={3},
  pages={201--210},
  year={2012}
}
@article{dreisbach2019systematic,
  title={A systematic review of natural language processing and text mining of symptoms from electronic patient-authored text data},
  author={Dreisbach, Caitlin and Koleck, Theresa A and Bourne, Philip E and Bakken, Suzanne},
  journal={International journal of medical informatics},
  volume={125},
  pages={37--46},
  year={2019},
  publisher={Elsevier}
}
@misc{somashekhar2017early,
  title={Early experience with IBM Watson for Oncology (WFO) cognitive computing system for lung and colorectal cancer treatment.},
  author={Somashekhar, SP and Sep{\'u}lveda, Mart{\'\i}n-J and Norden, Andrew D and Rauthan, Amit and Arun, Kumar and Patil, Poonam and Ethadka, Ramya Y and Kumar, Rohit C},
  year={2017},
  publisher={American Society of Clinical Oncology}
}
@article{erfani2016high,
  title={High-dimensional and large-scale anomaly detection using a linear one-class SVM with deep learning},
  author={Erfani, Sarah M and Rajasegarar, Sutharshan and Karunasekera, Shanika and Leckie, Christopher},
  journal={Pattern Recognition},
  volume={58},
  pages={121--134},
  year={2016},
  publisher={Elsevier}
}
@article{he2020fedml,
  title={Fedml: A research library and benchmark for federated machine learning},
  author={He, Chaoyang and Li, Songze and So, Jinhyun and Zeng, Xiao and Zhang, Mi and Wang, Hongyi and Wang, Xiaoyang and Vepakomma, Praneeth and Singh, Abhishek and Qiu, Hang and others},
  journal={arXiv preprint arXiv:2007.13518},
  year={2020}
}
@article{wang2021blockchain,
  title={Blockchain-based Federated Learning: A Comprehensive Survey},
  author={Wang, Zhilin and Hu, Qin},
  journal={arXiv preprint arXiv:2110.02182},
  year={2021}
}
@article{pan2019improving,
  title={Improving automated pediatric bone age estimation using ensembles of models from the 2017 RSNA machine learning challenge},
  author={Pan, Ian and Thodberg, Hans Henrik and Halabi, Safwan S and Kalpathy-Cramer, Jayashree and Larson, David B},
  journal={Radiology: Artificial Intelligence},
  volume={1},
  number={6},
  pages={e190053},
  year={2019},
  publisher={Radiological Society of North America}
}

