% This file was created with JabRef 2.6.
% Encoding: Cp1252

@article{dou2021federated,
  title={Federated deep learning for detecting COVID-19 lung abnormalities in CT: a privacy-preserving multinational validation study},
  author={Dou, Qi and So, Tiffany Y and Jiang, Meirui and Liu, Quande and Vardhanabhuti, Varut and Kaissis, Georgios and Li, Zeju and Si, Weixin and Lee, Heather HC and Yu, Kevin and others},
  journal={NPJ digital medicine},
  volume={4},
  number={1},
  pages={1--11},
  year={2021},
  publisher={Nature Publishing Group}
}
@article{ma2021understanding,
  title={Understanding adversarial attacks on deep learning based medical image analysis systems},
  author={Ma, Xingjun and Niu, Yuhao and Gu, Lin and Wang, Yisen and Zhao, Yitian and Bailey, James and Lu, Feng},
  journal={Pattern Recognition},
  volume={110},
  pages={107332},
  year={2021},
  publisher={Elsevier}
}
@article{finlayson2019adversarial,
  title={Adversarial attacks on medical machine learning},
  author={Finlayson, Samuel G and Bowers, John D and Ito, Joichi and Zittrain, Jonathan L and Beam, Andrew L and Kohane, Isaac S},
  journal={Science},
  volume={363},
  number={6433},
  pages={1287--1289},
  year={2019},
  publisher={American Association for the Advancement of Science}
}
@inproceedings{fang2020local,
  title={Local Model Poisoning Attacks to $\{$Byzantine-Robust$\}$ Federated Learning},
  author={Fang, Minghong and Cao, Xiaoyu and Jia, Jinyuan and Gong, Neil},
  booktitle={29th USENIX Security Symposium (USENIX Security 20)},
  pages={1605--1622},
  year={2020}
}
@article{song2020analyzing,
  title={Analyzing user-level privacy attack against federated learning},
  author={Song, Mengkai and Wang, Zhibo and Zhang, Zhifei and Song, Yang and Wang, Qian and Ren, Ju and Qi, Hairong},
  journal={IEEE Journal on Selected Areas in Communications},
  volume={38},
  number={10},
  pages={2430--2444},
  year={2020},
  publisher={IEEE}
}
@article{wilkinson2016fair,
  title={The FAIR Guiding Principles for scientific data management and stewardship},
  author={Wilkinson, Mark D and Dumontier, Michel and Aalbersberg, IJsbrand Jan and Appleton, Gabrielle and Axton, Myles and Baak, Arie and Blomberg, Niklas and Boiten, Jan-Willem and da Silva Santos, Luiz Bonino and Bourne, Philip E and others},
  journal={Scientific data},
  volume={3},
  number={1},
  pages={1--9},
  year={2016},
  publisher={Nature Publishing Group}
}
@inproceedings{ji2018model,
  title={Model-reuse attacks on deep learning systems},
  author={Ji, Yujie and Zhang, Xinyang and Ji, Shouling and Luo, Xiapu and Wang, Ting},
  booktitle={Proceedings of the 2018 ACM SIGSAC conference on computer and communications security},
  pages={349--363},
  year={2018}
}
@inproceedings{ozbulak2019impact,
  title={Impact of adversarial examples on deep learning models for biomedical image segmentation},
  author={Ozbulak, Utku and Van Messem, Arnout and Neve, Wesley De},
  booktitle={International Conference on Medical Image Computing and Computer-Assisted Intervention},
  pages={300--308},
  year={2019},
  organization={Springer}
}
@inproceedings{engstrom2019exploring,
  title={Exploring the landscape of spatial robustness},
  author={Engstrom, Logan and Tran, Brandon and Tsipras, Dimitris and Schmidt, Ludwig and Madry, Aleksander},
  booktitle={International Conference on Machine Learning},
  pages={1802--1811},
  year={2019},
  organization={PMLR}
}
@article{goldblum2020dataset,
  title={Dataset security for machine learning: Data poisoning, backdoor attacks, and defenses},
  author={Goldblum, Micah and Tsipras, Dimitris and Xie, Chulin and Chen, Xinyun and Schwarzschild, Avi and Song, Dawn and Madry, Aleksander and Li, Bo and Goldstein, Tom},
  journal={arXiv preprint arXiv:2012.10544},
  year={2020}
}
@article{navarro2021evaluating,
  title={Evaluating the robustness of self-supervised learning in medical imaging},
  author={Navarro, Fernando and Watanabe, Christopher and Shit, Suprosanna and Sekuboyina, Anjany and Peeken, Jan C and Combs, Stephanie E and Menze, Bjoern H},
  journal={arXiv preprint arXiv:2105.06986},
  year={2021}
}
@article{bortsova2021adversarial,
  title={Adversarial attack vulnerability of medical image analysis systems: Unexplored factors},
  author={Bortsova, Gerda and Gonz{\'a}lez-Gonzalo, Cristina and Wetstein, Suzanne C and Dubost, Florian and Katramados, Ioannis and Hogeweg, Laurens and Liefers, Bart and van Ginneken, Bram and Pluim, Josien PW and Veta, Mitko and others},
  journal={Medical Image Analysis},
  volume={73},
  pages={102141},
  year={2021},
  publisher={Elsevier}
}
@article{madry2017towards,
  title={Towards deep learning models resistant to adversarial attacks},
  author={Madry, Aleksander and Makelov, Aleksandar and Schmidt, Ludwig and Tsipras, Dimitris and Vladu, Adrian},
  journal={arXiv preprint arXiv:1706.06083},
  year={2017}
}
@article{xia2020pseudo,
  title={Pseudo-healthy synthesis with pathology disentanglement and adversarial learning},
  author={Xia, Tian and Chartsias, Agisilaos and Tsaftaris, Sotirios A},
  journal={Medical Image Analysis},
  volume={64},
  pages={101719},
  year={2020},
  publisher={Elsevier}
}
@article{sun2020adversarial,
  title={An adversarial learning approach to medical image synthesis for lesion detection},
  author={Sun, Liyan and Wang, Jiexiang and Huang, Yue and Ding, Xinghao and Greenspan, Hayit and Paisley, John},
  journal={IEEE journal of biomedical and health informatics},
  volume={24},
  number={8},
  pages={2303--2314},
  year={2020},
  publisher={IEEE}
}
@InProceedings{Ye_2019_ICCV,
author = {Ye, Shaokai and Xu, Kaidi and Liu, Sijia and Cheng, Hao and Lambrechts, Jan-Henrik and Zhang, Huan and Zhou, Aojun and Ma, Kaisheng and Wang, Yanzhi and Lin, Xue},
title = {Adversarial Robustness vs. Model Compression, or Both?},
booktitle = {Proceedings of the IEEE/CVF International Conference on Computer Vision (ICCV)},
month = {October},
year = {2019}
}
@inproceedings{gupta2022vulnerability,
  title={Vulnerability Analysis and Robust Training with Additive Noise for FGSM Attack on Transfer Learning-Based Brain Tumor Detection from MRI},
  author={Gupta, Debashis and Pal, Biprodip},
  booktitle={Proceedings of the International Conference on Big Data, IoT, and Machine Learning},
  pages={103--114},
  year={2022},
  organization={Springer}
}
@incollection{asgari2018vulnerability,
  title={Vulnerability analysis of chest X-ray image classification against adversarial attacks},
  author={Asgari Taghanaki, Saeid and Das, Arkadeep and Hamarneh, Ghassan},
  booktitle={Understanding and interpreting machine learning in medical image computing applications},
  pages={87--94},
  year={2018},
  publisher={Springer}
}
@article{biggio2018wild,
  title={Wild patterns: Ten years after the rise of adversarial machine learning},
  author={Biggio, Battista and Roli, Fabio},
  journal={Pattern Recognition},
  volume={84},
  pages={317--331},
  year={2018},
  publisher={Elsevier}
}
@article{li2022review,
  title={A Review of Adversarial Attack and Defense for Classification Methods},
  author={Li, Yao and Cheng, Minhao and Hsieh, Cho-Jui and Lee, Thomas CM},
  journal={The American Statistician},
  pages={1--17},
  year={2022},
  publisher={Taylor \& Francis}
}
@inproceedings{drenkow2022attack,
  title={Attack Agnostic Detection of Adversarial Examples via Random Subspace Analysis},
  author={Drenkow, Nathan and Fendley, Neil and Burlina, Philippe},
  booktitle={Proceedings of the IEEE/CVF Winter Conference on Applications of Computer Vision},
  pages={472--482},
  year={2022}
}
@inproceedings{lin2021certified,
  title={Certified robustness against adversarial patch attacks via randomized cropping},
  author={Lin, Wan-Yi and Sheikholeslami, Fatemeh and Rice, Leslie and Kolter, J Zico and others},
  booktitle={ICML 2021 Workshop on Adversarial Machine Learning},
  year={2021}
}
@inproceedings{yin2021exploiting,
  title={Exploiting multi-object relationships for detecting adversarial attacks in complex scenes},
  author={Yin, Mingjun and Li, Shasha and Cai, Zikui and Song, Chengyu and Asif, M Salman and Roy-Chowdhury, Amit K and Krishnamurthy, Srikanth V},
  booktitle={Proceedings of the IEEE/CVF International Conference on Computer Vision},
  pages={7858--7867},
  year={2021}
}
@article{yuan2019adversarial,
  title={Adversarial examples: Attacks and defenses for deep learning},
  author={Yuan, Xiaoyong and He, Pan and Zhu, Qile and Li, Xiaolin},
  journal={IEEE transactions on neural networks and learning systems},
  volume={30},
  number={9},
  pages={2805--2824},
  year={2019},
  publisher={IEEE}
}
@inproceedings{yin2022adc,
  title={ADC: Adversarial attacks against object Detection that evade Context consistency checks},
  author={Yin, Mingjun and Li, Shasha and Song, Chengyu and Asif, M Salman and Roy-Chowdhury, Amit K and Krishnamurthy, Srikanth V},
  booktitle={Proceedings of the IEEE/CVF Winter Conference on Applications of Computer Vision},
  pages={3278--3287},
  year={2022}
}
@inproceedings{uesato2018adversarial,
  title={Adversarial risk and the dangers of evaluating against weak attacks},
  author={Uesato, Jonathan and Oâ€™donoghue, Brendan and Kohli, Pushmeet and Oord, Aaron},
  booktitle={International Conference on Machine Learning},
  pages={5025--5034},
  year={2018},
  organization={PMLR}
}
@inproceedings{biggio2013evasion,
  title={Evasion attacks against machine learning at test time},
  author={Biggio, Battista and Corona, Igino and Maiorca, Davide and Nelson, Blaine and {\v{S}}rndi{\'c}, Nedim and Laskov, Pavel and Giacinto, Giorgio and Roli, Fabio},
  booktitle={Joint European conference on machine learning and knowledge discovery in databases},
  pages={387--402},
  year={2013},
  organization={Springer}
}
@inproceedings{ayub2020model,
  title={Model evasion attack on intrusion detection systems using adversarial machine learning},
  author={Ayub, Md Ahsan and Johnson, William A and Talbert, Douglas A and Siraj, Ambareen},
  booktitle={2020 54th Annual Conference on Information Sciences and Systems (CISS)},
  pages={1--6},
  year={2020},
  organization={IEEE}
}
@article{shafahi2019adversarial,
  title={Adversarial training for free!},
  author={Shafahi, Ali and Najibi, Mahyar and Ghiasi, Mohammad Amin and Xu, Zheng and Dickerson, John and Studer, Christoph and Davis, Larry S and Taylor, Gavin and Goldstein, Tom},
  journal={Advances in Neural Information Processing Systems},
  volume={32},
  year={2019}
}
@article{jacobsen2019exploiting,
  title={Exploiting excessive invariance caused by norm-bounded adversarial robustness},
  author={Jacobsen, J{\"o}rn-Henrik and Behrmannn, Jens and Carlini, Nicholas and Tramer, Florian and Papernot, Nicolas},
  journal={arXiv preprint arXiv:1903.10484},
  year={2019}
}
@inproceedings{zheng2020efficient,
  title={Efficient adversarial training with transferable adversarial examples},
  author={Zheng, Haizhong and Zhang, Ziqi and Gu, Juncheng and Lee, Honglak and Prakash, Atul},
  booktitle={Proceedings of the IEEE/CVF Conference on Computer Vision and Pattern Recognition},
  pages={1181--1190},
  year={2020}
}
@article{du2020hybrid,
  title={A Hybrid Adversarial Attack for Different Application Scenarios},
  author={Du, Xiaohu and Yu, Jie and Yi, Zibo and Li, Shasha and Ma, Jun and Tan, Yusong and Wu, Qinbo},
  journal={Applied Sciences},
  volume={10},
  number={10},
  pages={3559},
  year={2020},
  publisher={Multidisciplinary Digital Publishing Institute}
}
@article{lyu2020threats,
  title={Threats to federated learning: A survey},
  author={Lyu, Lingjuan and Yu, Han and Yang, Qiang},
  journal={arXiv preprint arXiv:2003.02133},
  year={2020}
}
@article{costa2021covert,
  title={Covert Channel Attack to Federated Learning Systems},
  author={Costa, Gabriele and Pinelli, Fabio and Soderi, Simone and Tolomei, Gabriele},
  journal={arXiv preprint arXiv:2104.10561},
  year={2021}
}
@article{duan2022novel,
  title={A Novel Multi-Sample Generation Method for Adversarial Attacks},
  author={Duan, Mingxing and Li, Kenli and Deng, Jiayan and Xiao, Bin and Tian, Qi},
  journal={ACM Transactions on Multimedia Computing, Communications, and Applications (TOMM)},
  volume={18},
  number={4},
  pages={1--21},
  year={2022},
  publisher={ACM New York, NY}
}
@article{dai2021fast,
  title={Fast-UAP: An algorithm for expediting universal adversarial perturbation generation using the orientations of perturbation vectors},
  author={Dai, Jiazhu and Shu, Le},
  journal={Neurocomputing},
  volume={422},
  pages={109--117},
  year={2021},
  publisher={Elsevier}
}
@article{goodfellow2014explaining,
  title={Explaining and harnessing adversarial examples},
  author={Goodfellow, Ian J and Shlens, Jonathon and Szegedy, Christian},
  journal={arXiv preprint arXiv:1412.6572},
  year={2014}
}
@incollection{kurakin2018adversarial,
  title={Adversarial examples in the physical world},
  author={Kurakin, Alexey and Goodfellow, Ian J and Bengio, Samy},
  booktitle={Artificial intelligence safety and security},
  pages={99--112},
  year={2018},
  publisher={Chapman and Hall/CRC}
}
@article{george2015data,
  title={Data fraud in clinical trials},
  author={George, Stephen L and Buyse, Marc},
  journal={Clinical investigation},
  volume={5},
  number={2},
  pages={161},
  year={2015},
  publisher={NIH Public Access}
}
@article{chang2010fraudulent,
  title={Fraudulent retouching of digital radiographic images--a potential risk},
  author={Chang, HJ and Oh, SN and Park, MY and Rha, SE and Choi, BG},
  journal={Clinical radiology},
  volume={65},
  number={12},
  pages={967--973},
  year={2010},
  publisher={Elsevier}
}
@article{chowdhry2014image,
  title={Image manipulation: Fraudulence in digital dental records: Study and review},
  author={Chowdhry, Aman and Sircar, Keya and Popli, Deepika Bablani and Tandon, Ankita},
  journal={Journal of forensic dental sciences},
  volume={6},
  number={1},
  pages={31},
  year={2014},
  publisher={Wolters Kluwer--Medknow Publications}
}
@article{gupta2018cnn,
  title={CNN-based projected gradient descent for consistent CT image reconstruction},
  author={Gupta, Harshit and Jin, Kyong Hwan and Nguyen, Ha Q and McCann, Michael T and Unser, Michael},
  journal={IEEE transactions on medical imaging},
  volume={37},
  number={6},
  pages={1440--1453},
  year={2018},
  publisher={IEEE}
}
@inproceedings{pascanu2013difficulty,
  title={On the difficulty of training recurrent neural networks},
  author={Pascanu, Razvan and Mikolov, Tomas and Bengio, Yoshua},
  booktitle={International conference on machine learning},
  pages={1310--1318},
  year={2013},
  organization={PMLR}
}
@article{larson2021health,
  title={Health Care Fraud},
  author={Larson, Matthew and Bianucci, Macon and Deakins, Kyle and Dickson, Kelly and Engelmann, Erin and Lang, Lauren and Schmidt, Sarah},
  journal={Am. Crim. L. Rev.},
  volume={58},
  pages={1073},
  year={2021},
  publisher={HeinOnline}
}
@article{cai2018curriculum,
  title={Curriculum adversarial training},
  author={Cai, Qi-Zhi and Du, Min and Liu, Chang and Song, Dawn},
  journal={arXiv preprint arXiv:1805.04807},
  year={2018}
}
@article{tashiro2020diversity,
  title={Diversity can be transferred: Output diversification for white-and black-box attacks},
  author={Tashiro, Yusuke and Song, Yang and Ermon, Stefano},
  journal={Advances in Neural Information Processing Systems},
  volume={33},
  pages={4536--4548},
  year={2020}
}
@inproceedings{zhou2018transferable,
  title={Transferable adversarial perturbations},
  author={Zhou, Wen and Hou, Xin and Chen, Yongjun and Tang, Mengyun and Huang, Xiangqi and Gan, Xiang and Yang, Yong},
  booktitle={Proceedings of the European Conference on Computer Vision (ECCV)},
  pages={452--467},
  year={2018}
}
@inproceedings{graese2016assessing,
  title={Assessing threat of adversarial examples on deep neural networks},
  author={Graese, Abigail and Rozsa, Andras and Boult, Terrance E},
  booktitle={2016 15th IEEE International Conference on Machine Learning and Applications (ICMLA)},
  pages={69--74},
  year={2016},
  organization={IEEE}
}
@article{li2019convergence,
  title={On the convergence of fedavg on non-iid data},
  author={Li, Xiang and Huang, Kaixuan and Yang, Wenhao and Wang, Shusen and Zhang, Zhihua},
  journal={arXiv preprint arXiv:1907.02189},
  year={2019}
}
@article{cheng2019improving,
  title={Improving black-box adversarial attacks with a transfer-based prior},
  author={Cheng, Shuyu and Dong, Yinpeng and Pang, Tianyu and Su, Hang and Zhu, Jun},
  journal={Advances in neural information processing systems},
  volume={32},
  year={2019}
}
@article{dettmers20158,
  title={8-bit approximations for parallelism in deep learning},
  author={Dettmers, Tim},
  journal={arXiv preprint arXiv:1511.04561},
  year={2015}
}
@ARTICLE{9000972,
  author={Xiang, Yun and Chen, Zhuangzhi and Chen, Zuohui and Fang, Zebin and Hao, Haiyang and Chen, Jinyin and Liu, Yi and Wu, Zhefu and Xuan, Qi and Yang, Xiaoniu},
  journal={IEEE Transactions on Circuits and Systems II: Express Briefs}, 
  title={Open DNN Box by Power Side-Channel Attack}, 
  year={2020},
  volume={67},
  number={11},
  pages={2717-2721},
  doi={10.1109/TCSII.2020.2973007}}
@inproceedings{yue2021black,
  title={Black-Box Attacks on Sequential Recommenders via Data-Free Model Extraction},
  author={Yue, Zhenrui and He, Zhankui and Zeng, Huimin and McAuley, Julian},
  booktitle={Fifteenth ACM Conference on Recommender Systems},
  pages={44--54},
  year={2021}
}
@inproceedings{kim2016accurate,
  title={Accurate image super-resolution using very deep convolutional networks},
  author={Kim, Jiwon and Lee, Jung Kwon and Lee, Kyoung Mu},
  booktitle={Proceedings of the IEEE conference on computer vision and pattern recognition},
  pages={1646--1654},
  year={2016}
}
@inproceedings{ross2018improving,
  title={Improving the adversarial robustness and interpretability of deep neural networks by regularizing their input gradients},
  author={Ross, Andrew and Doshi-Velez, Finale},
  booktitle={Proceedings of the AAAI Conference on Artificial Intelligence},
  volume={32},
  number={1},
  year={2018}
}
@inproceedings{yong2020gradient,
  title={Gradient centralization: A new optimization technique for deep neural networks},
  author={Yong, Hongwei and Huang, Jianqiang and Hua, Xiansheng and Zhang, Lei},
  booktitle={European Conference on Computer Vision},
  pages={635--652},
  year={2020},
  organization={Springer}
}
@article{carlini2019evaluating,
  title={On evaluating adversarial robustness},
  author={Carlini, Nicholas and Athalye, Anish and Papernot, Nicolas and Brendel, Wieland and Rauber, Jonas and Tsipras, Dimitris and Goodfellow, Ian and Madry, Aleksander and Kurakin, Alexey},
  journal={arXiv preprint arXiv:1902.06705},
  year={2019}
}
@article{suvarna2001histopathology,
  title={Histopathology and the â€˜third great lieâ€™. When is an image not a scientifically authentic image?},
  author={Suvarna, SK and Ansary, MA},
  journal={Histopathology},
  volume={39},
  number={5},
  pages={441--446},
  year={2001},
  publisher={Wiley Online Library}
}
@inproceedings{zheng2019distributionally,
  title={Distributionally adversarial attack},
  author={Zheng, Tianhang and Chen, Changyou and Ren, Kui},
  booktitle={Proceedings of the AAAI Conference on Artificial Intelligence},
  volume={33},
  number={01},
  pages={2253--2260},
  year={2019}
}
@article{weiss2016survey,
  title={A survey of transfer learning},
  author={Weiss, Karl and Khoshgoftaar, Taghi M and Wang, DingDing},
  journal={Journal of Big data},
  volume={3},
  number={1},
  pages={1--40},
  year={2016},
  publisher={SpringerOpen}
}
@article{wang2020simple,
  title={Simple and easy: Transfer learning-based attacks to text CAPTCHA},
  author={Wang, Ping and Gao, Haichang and Shi, Ziyu and Yuan, Zhongni and Hu, Jiangping},
  journal={IEEE Access},
  volume={8},
  pages={59044--59058},
  year={2020},
  publisher={IEEE}
}
@article{retico2021enhancing,
  title={Enhancing the impact of Artificial Intelligence in Medicine: A joint AIFM-INFN Italian initiative for a dedicated cloud-based computing infrastructure},
  author={Retico, Alessandra and Avanzo, Michele and Boccali, Tommaso and Bonacorsi, Daniele and Botta, Francesca and Cuttone, Giacomo and Martelli, Barbara and Salomoni, Davide and Spiga, Daniele and Trianni, Annalisa and others},
  journal={Physica Medica},
  volume={91},
  pages={140--150},
  year={2021},
  publisher={Elsevier}
}
@article{wang2019privacy,
  title={Privacy-preserving average consensus via state decomposition},
  author={Wang, Yongqiang},
  journal={IEEE Transactions on Automatic Control},
  volume={64},
  number={11},
  pages={4711--4716},
  year={2019},
  publisher={IEEE}
}
@article{canonne2020discrete,
  title={The discrete gaussian for differential privacy},
  author={Canonne, Cl{\'e}ment L and Kamath, Gautam and Steinke, Thomas},
  journal={Advances in Neural Information Processing Systems},
  volume={33},
  pages={15676--15688},
  year={2020}
}
@article{qiu2022framework,
  title={The Framework of Cross-Domain and Model Adversarial Attack against Deepfake},
  author={Qiu, Haoxuan and Du, Yanhui and Lu, Tianliang},
  journal={Future Internet},
  volume={14},
  number={2},
  pages={46},
  year={2022},
  publisher={MDPI}
}
@article{szegedy2013intriguing,
  title={Intriguing properties of neural networks},
  author={Szegedy, Christian and Zaremba, Wojciech and Sutskever, Ilya and Bruna, Joan and Erhan, Dumitru and Goodfellow, Ian and Fergus, Rob},
  journal={arXiv preprint arXiv:1312.6199},
  year={2013}
}
@inproceedings{zhang2020two,
  title={Two sides of the same coin: White-box and black-box attacks for transfer learning},
  author={Zhang, Yinghua and Song, Yangqiu and Liang, Jian and Bai, Kun and Yang, Qiang},
  booktitle={Proceedings of the 26th ACM SIGKDD International Conference on Knowledge Discovery \& Data Mining},
  pages={2989--2997},
  year={2020}
}
@article{elaalami2022bod,
  title={AT-BOD: An Adversarial Attack on Fool DNN-Based Blackbox Object Detection Models},
  author={Elaalami, Ilham A and Olatunji, Sunday O and Zagrouba, Rachid M},
  journal={Applied Sciences},
  volume={12},
  number={4},
  pages={2003},
  year={2022},
  publisher={MDPI}
}
@article{zhang2019you,
  title={You only propagate once: Accelerating adversarial training via maximal principle},
  author={Zhang, Dinghuai and Zhang, Tianyuan and Lu, Yiping and Zhu, Zhanxing and Dong, Bin},
  journal={Advances in Neural Information Processing Systems},
  volume={32},
  year={2019}
}
@inproceedings{gao2022boosting,
  title={Boosting the Transferability of Adversarial Examples with More Efficient Data Augmentation},
  author={Gao, Chenxiang and Wu, Wei},
  booktitle={Journal of Physics: Conference Series},
  volume={2189},
  number={1},
  pages={012025},
  year={2022},
  organization={IOP Publishing}
}
@article{li2019distributed,
  title={Distributed learning from multiple EHR databases: contextual embedding models for medical events},
  author={Li, Ziyi and Roberts, Kirk and Jiang, Xiaoqian and Long, Qi},
  journal={Journal of biomedical informatics},
  volume={92},
  pages={103138},
  year={2019},
  publisher={Elsevier}
}
@inproceedings{ma2019privacy,
  title={Privacy-preserving tensor factorization for collaborative health data analysis},
  author={Ma, Jing and Zhang, Qiuchen and Lou, Jian and Ho, Joyce C and Xiong, Li and Jiang, Xiaoqian},
  booktitle={Proceedings of the 28th ACM International Conference on Information and Knowledge Management},
  pages={1291--1300},
  year={2019}
}
@article{li2020multi,
  title={Multi-site fMRI analysis using privacy-preserving federated learning and domain adaptation: ABIDE results},
  author={Li, Xiaoxiao and Gu, Yufeng and Dvornek, Nicha and Staib, Lawrence H and Ventola, Pamela and Duncan, James S},
  journal={Medical Image Analysis},
  volume={65},
  pages={101765},
  year={2020},
  publisher={Elsevier}
}
@article{shao2019stochastic,
  title={Stochastic channel-based federated learning for medical data privacy preserving},
  author={Shao, Rulin and He, Hongyu and Liu, Hui and Liu, Dianbo},
  journal={arXiv preprint arXiv:1910.11160},
  year={2019}
}
@article{lyu2020privacy,
  title={Privacy and robustness in federated learning: Attacks and defenses},
  author={Lyu, Lingjuan and Yu, Han and Ma, Xingjun and Sun, Lichao and Zhao, Jun and Yang, Qiang and Yu, Philip S},
  journal={arXiv preprint arXiv:2012.06337},
  year={2020}
}
@article{bouacida2021vulnerabilities,
  title={Vulnerabilities in federated learning},
  author={Bouacida, Nader and Mohapatra, Prasant},
  journal={IEEE Access},
  volume={9},
  pages={63229--63249},
  year={2021},
  publisher={IEEE}
}
@article{wei2020federated,
  title={Federated learning with differential privacy: Algorithms and performance analysis},
  author={Wei, Kang and Li, Jun and Ding, Ming and Ma, Chuan and Yang, Howard H and Farokhi, Farhad and Jin, Shi and Quek, Tony QS and Poor, H Vincent},
  journal={IEEE Transactions on Information Forensics and Security},
  volume={15},
  pages={3454--3469},
  year={2020},
  publisher={IEEE}
}
@inproceedings{zhang2019theoretically,
  title={Theoretically principled trade-off between robustness and accuracy},
  author={Zhang, Hongyang and Yu, Yaodong and Jiao, Jiantao and Xing, Eric and El Ghaoui, Laurent and Jordan, Michael},
  booktitle={International conference on machine learning},
  pages={7472--7482},
  year={2019},
  organization={PMLR}
}
@inproceedings{zhang2019theoretically,
  title={Theoretically principled trade-off between robustness and accuracy},
  author={Zhang, Hongyang and Yu, Yaodong and Jiao, Jiantao and Xing, Eric and El Ghaoui, Laurent and Jordan, Michael},
  booktitle={International conference on machine learning},
  pages={7472--7482},
  year={2019},
  organization={PMLR}
}
@article{wu2020evaluation,
  title={Evaluation of inference attack models for deep learning on medical data},
  author={Wu, Maoqiang and Zhang, Xinyue and Ding, Jiahao and Nguyen, Hien and Yu, Rong and Pan, Miao and Wong, Stephen T},
  journal={arXiv preprint arXiv:2011.00177},
  year={2020}
}
@inproceedings{papernot2017practical,
  title={Practical black-box attacks against machine learning},
  author={Papernot, Nicolas and McDaniel, Patrick and Goodfellow, Ian and Jha, Somesh and Celik, Z Berkay and Swami, Ananthram},
  booktitle={Proceedings of the 2017 ACM on Asia conference on computer and communications security},
  pages={506--519},
  year={2017}
}
@article{xu2020adversarial,
  title={Adversarial attacks and defenses in images, graphs and text: A review},
  author={Xu, Han and Ma, Yao and Liu, Hao-Chen and Deb, Debayan and Liu, Hui and Tang, Ji-Liang and Jain, Anil K},
  journal={International Journal of Automation and Computing},
  volume={17},
  number={2},
  pages={151--178},
  year={2020},
  publisher={Springer}
}
@article{tramer2017ensemble,
  title={Ensemble adversarial training: Attacks and defenses},
  author={Tram{\`e}r, Florian and Kurakin, Alexey and Papernot, Nicolas and Goodfellow, Ian and Boneh, Dan and McDaniel, Patrick},
  journal={arXiv preprint arXiv:1705.07204},
  year={2017}
}
@article{liu2022threats,
  title={Threats, attacks and defenses to federated learning: issues, taxonomy and perspectives},
  author={Liu, Pengrui and Xu, Xiangrui and Wang, Wei},
  journal={Cybersecurity},
  volume={5},
  number={1},
  pages={1--19},
  year={2022},
  publisher={SpringerOpen}
}
@article{dwork2014algorithmic,
  title={The algorithmic foundations of differential privacy.},
  author={Dwork, Cynthia and Roth, Aaron and others},
  journal={Found. Trends Theor. Comput. Sci.},
  volume={9},
  number={3-4},
  pages={211--407},
  year={2014}
}
@article{rieke2020future,
  title={The future of digital health with federated learning},
  author={Rieke, Nicola and Hancox, Jonny and Li, Wenqi and Milletari, Fausto and Roth, Holger R and Albarqouni, Shadi and Bakas, Spyridon and Galtier, Mathieu N and Landman, Bennett A and Maier-Hein, Klaus and others},
  journal={NPJ digital medicine},
  volume={3},
  number={1},
  pages={1--7},
  year={2020},
  publisher={Nature Publishing Group}
}
@article{dayan2021federated,
  title={Federated learning for predicting clinical outcomes in patients with COVID-19},
  author={Dayan, Ittai and Roth, Holger R and Zhong, Aoxiao and Harouni, Ahmed and Gentili, Amilcare and Abidin, Anas Z and Liu, Andrew and Costa, Anthony Beardsworth and Wood, Bradford J and Tsai, Chien-Sung and others},
  journal={Nature medicine},
  volume={27},
  number={10},
  pages={1735--1743},
  year={2021},
  publisher={Nature Publishing Group}
}
@article{sheller2020federated,
  title={Federated learning in medicine: facilitating multi-institutional collaborations without sharing patient data},
  author={Sheller, Micah J and Edwards, Brandon and Reina, G Anthony and Martin, Jason and Pati, Sarthak and Kotrotsou, Aikaterini and Milchenko, Mikhail and Xu, Weilin and Marcus, Daniel and Colen, Rivka R and others},
  journal={Scientific reports},
  volume={10},
  number={1},
  pages={1--12},
  year={2020},
  publisher={Nature Publishing Group}
}
@article{chen2017targeted,
  title={Targeted backdoor attacks on deep learning systems using data poisoning},
  author={Chen, Xinyun and Liu, Chang and Li, Bo and Lu, Kimberly and Song, Dawn},
  journal={arXiv preprint arXiv:1712.05526},
  year={2017}
}
@inproceedings{chen2019deepinspect,
  title={DeepInspect: A Black-box Trojan Detection and Mitigation Framework for Deep Neural Networks.},
  author={Chen, Huili and Fu, Cheng and Zhao, Jishen and Koushanfar, Farinaz},
  booktitle={IJCAI},
  volume={2},
  number={5},
  pages={8},
  year={2019}
}
@article{van2022ai,
  title={AI Technical Considerations: Data Storage, Cloud usage and AI Pipeline},
  author={van Ooijen, PM and Darzidehkalani, Erfan and Dekker, Andre},
  journal={arXiv preprint arXiv:2201.08356},
  year={2022}
}
@article{miotto2016deep,
  title={Deep patient: an unsupervised representation to predict the future of patients from the electronic health records},
  author={Miotto, Riccardo and Li, Li and Kidd, Brian A and Dudley, Joel T},
  journal={Scientific reports},
  volume={6},
  number={1},
  pages={1--10},
  year={2016},
  publisher={Nature Publishing Group}
}
@article{wang2020attack,
  title={Attack of the tails: Yes, you really can backdoor federated learning},
  author={Wang, Hongyi and Sreenivasan, Kartik and Rajput, Shashank and Vishwakarma, Harit and Agarwal, Saurabh and Sohn, Jy-yong and Lee, Kangwook and Papailiopoulos, Dimitris},
  journal={Advances in Neural Information Processing Systems},
  volume={33},
  pages={16070--16084},
  year={2020}
}
@article{sun2019can,
  title={Can you really backdoor federated learning?},
  author={Sun, Ziteng and Kairouz, Peter and Suresh, Ananda Theertha and McMahan, H Brendan},
  journal={arXiv preprint arXiv:1911.07963},
  year={2019}
}
@misc{somashekhar2017early,
  title={Early experience with IBM Watson for Oncology (WFO) cognitive computing system for lung and colorectal cancer treatment.},
  author={Somashekhar, SP and Sep{\'u}lveda, Mart{\'\i}n-J and Norden, Andrew D and Rauthan, Amit and Arun, Kumar and Patil, Poonam and Ethadka, Ramya Y and Kumar, Rohit C},
  year={2017},
  publisher={American Society of Clinical Oncology}
}
@article{erfani2016high,
  title={High-dimensional and large-scale anomaly detection using a linear one-class SVM with deep learning},
  author={Erfani, Sarah M and Rajasegarar, Sutharshan and Karunasekera, Shanika and Leckie, Christopher},
  journal={Pattern Recognition},
  volume={58},
  pages={121--134},
  year={2016},
  publisher={Elsevier}
}
@article{he2020fedml,
  title={Fedml: A research library and benchmark for federated machine learning},
  author={He, Chaoyang and Li, Songze and So, Jinhyun and Zeng, Xiao and Zhang, Mi and Wang, Hongyi and Wang, Xiaoyang and Vepakomma, Praneeth and Singh, Abhishek and Qiu, Hang and others},
  journal={arXiv preprint arXiv:2007.13518},
  year={2020}
}
@article{wang2021blockchain,
  title={Blockchain-based Federated Learning: A Comprehensive Survey},
  author={Wang, Zhilin and Hu, Qin},
  journal={arXiv preprint arXiv:2110.02182},
  year={2021}
}
@article{pan2019improving,
  title={Improving automated pediatric bone age estimation using ensembles of models from the 2017 RSNA machine learning challenge},
  author={Pan, Ian and Thodberg, Hans Henrik and Halabi, Safwan S and Kalpathy-Cramer, Jayashree and Larson, David B},
  journal={Radiology: Artificial Intelligence},
  volume={1},
  number={6},
  pages={e190053},
  year={2019},
  publisher={Radiological Society of North America}
}